<?xml version="1.0" encoding="UTF-8"?><collection xmlns="http://www.loc.gov/MARC21/slim"><record><leader>00351nam--2200121-i-4500</leader><controlfield tag="001">000045298</controlfield><controlfield tag="002">20161230</controlfield><controlfield tag="005">20161230201045</controlfield><controlfield tag="008">060222s1000------------r-----000-0-eng-d</controlfield><datafield ind1=" " ind2=" " tag="080"><subfield code="a">061.62(047:430.2):5(047)</subfield></datafield><datafield ind1=" " ind2=" " tag="245"><subfield code="a">Technische univ.dresden. ubersichtsberihte zur forshung 1973</subfield></datafield><datafield ind1=" " ind2=" " tag="260"><subfield code="a">Dresden, Technische Univ.Dresden, 1974. 175 P</subfield></datafield><datafield ind1=" " ind2=" " tag="852"><subfield code="a">42865</subfield></datafield></record></collection>